<?xml version="1.0" encoding="UTF-8"?><collection xmlns="http://www.loc.gov/MARC21/slim"><record><leader>00384nam--2200133-i-4500</leader><controlfield tag="001">000030323</controlfield><controlfield tag="002">20161230</controlfield><controlfield tag="005">20161230201038</controlfield><controlfield tag="008">060222s1000------------r-----000-0-eng-d</controlfield><datafield ind1=" " ind2=" " tag="080"><subfield code="a">528</subfield></datafield><datafield ind1=" " ind2=" " tag="100"><subfield code="a">Manderlier, F. Et  Mousset, J</subfield></datafield><datafield ind1=" " ind2=" " tag="245"><subfield code="a">Le gyrotheodolite et l`orienttement des pendules horizontaux</subfield></datafield><datafield ind1=" " ind2=" " tag="260"><subfield code="a">Bruxelles, Institut Geographique Militaire, 1973, 54p</subfield></datafield><datafield ind1=" " ind2=" " tag="852"><subfield code="a">48057</subfield></datafield></record></collection>